<record><leader>00000cas a2200000 a 4500</leader><controlfield tag="001">34174573</controlfield><controlfield tag="008">960212d19661987fludn ne      0    0eng c</controlfield><datafield ind1=" " ind2=" " tag="010"><subfield code="a">sn 96027358 </subfield></datafield><datafield ind1=" " ind2=" " tag="040"><subfield code="a">FUG</subfield><subfield code="b">eng</subfield><subfield code="c">FUG</subfield><subfield code="d">OCLCQ</subfield><subfield code="d">OCLCF</subfield><subfield code="d">OCLCO</subfield></datafield><datafield ind1=" " ind2=" " tag="012"><subfield code="i">9602</subfield></datafield><datafield ind1="1" ind2=" " tag="029"><subfield code="a">AU@</subfield><subfield code="b">000025920176</subfield></datafield><datafield ind1=" " ind2=" " tag="042"><subfield code="a">pcc</subfield></datafield><datafield ind1=" " ind2=" " tag="043"><subfield code="a">n-us-fl</subfield></datafield><datafield ind1="0" ind2=" " tag="130"><subfield code="a">Oracle (Tampa, Fla.)</subfield></datafield><datafield ind1="1" ind2="4" tag="245"><subfield code="a">The oracle.</subfield></datafield><datafield ind1=" " ind2=" " tag="260"><subfield code="a">University of South Florida, Tampa, Fla. :</subfield><subfield code="b">Students at the University of South Florida,</subfield><subfield code="c">1966-1987.</subfield></datafield><datafield ind1=" " ind2=" " tag="300"><subfield code="a">v. :</subfield><subfield code="b">ill.</subfield></datafield><datafield ind1=" " ind2=" " tag="310"><subfield code="a">Monday through Friday (during the academic year)</subfield></datafield><datafield ind1="0" ind2=" " tag="362"><subfield code="a">Vol. 1, no. 1 (Sept. 6, 1966)-v. 23, no. 144 (Oct. 22, 1987).</subfield></datafield><datafield ind1=" " ind2=" " tag="500"><subfield code="a">"Official student edited newspaper of the University of South Florida."</subfield></datafield><datafield ind1=" " ind2=" " tag="530"><subfield code="a">Available on microfilm from the University of South Florida.</subfield></datafield><datafield ind1="2" ind2="0" tag="610"><subfield code="a">University of South Florida</subfield><subfield code="x">Students.</subfield></datafield><datafield ind1=" " ind2="0" tag="651"><subfield code="a">Tampa (Fla.)</subfield><subfield code="v">Newspapers.</subfield></datafield><datafield ind1=" " ind2="0" tag="651"><subfield code="a">Hillsborough County (Fla.)</subfield><subfield code="v">Newspapers.</subfield></datafield><datafield ind1=" " ind2="7" tag="655"><subfield code="a">Newspapers.</subfield><subfield code="2">fast</subfield><subfield code="0">(OCoLC)fst01423814</subfield></datafield><datafield ind1="2" ind2="7" tag="610"><subfield code="a">University of South Florida.</subfield><subfield code="2">fast</subfield><subfield code="0">(OCoLC)fst00543686</subfield></datafield><datafield ind1=" " ind2="7" tag="650"><subfield code="a">Students.</subfield><subfield code="2">fast</subfield><subfield code="0">(OCoLC)fst01136041</subfield></datafield><datafield ind1=" " ind2="7" tag="651"><subfield code="a">Florida</subfield><subfield code="z">Hillsborough County.</subfield><subfield code="2">fast</subfield><subfield code="0">(OCoLC)fst01210214</subfield></datafield><datafield ind1=" " ind2="7" tag="651"><subfield code="a">Florida</subfield><subfield code="z">Tampa.</subfield><subfield code="2">fast</subfield><subfield code="0">(OCoLC)fst01206282</subfield></datafield><datafield ind1="2" ind2=" " tag="710"><subfield code="a">University of South Florida.</subfield></datafield><datafield ind1="0" ind2=" " tag="730"><subfield code="a">Omnibus (Tampa, Fla.)</subfield></datafield><datafield ind1=" " ind2=" " tag="752"><subfield code="a">United States</subfield><subfield code="b">Florida</subfield><subfield code="c">Hillsborough</subfield><subfield code="d">Tampa.</subfield></datafield><datafield ind1="0" ind2=" " tag="770"><subfield code="t">Omnibus (Tampa, Fla.)</subfield><subfield code="w">(OCoLC)33501000</subfield></datafield><datafield ind1="0" ind2=" " tag="776"><subfield code="c">Microfilm</subfield><subfield code="w">(OCoLC)8750603</subfield></datafield><datafield ind1="0" ind2="0" tag="780"><subfield code="t">Tampa times (Tampa, Fla. : University of South Florida campus ed.)</subfield><subfield code="w">(DLC)sn 97027919</subfield><subfield code="w">(OCoLC)37313805</subfield></datafield><datafield ind1="0" ind2="0" tag="785"><subfield code="t">USF oracle</subfield><subfield code="w">(DLC)sn 96027399</subfield><subfield code="w">(OCoLC)23672397</subfield></datafield><datafield ind1=" " ind2=" " tag="850"><subfield code="a">FU</subfield></datafield></record>